@article{LinSlo,
    title =     "Review of Affective Computing",
    author =    "Shen Lin and Brian W. Kernighän and Aaron Sloman",
    journal =   "AI Magazine",
    year =      "1999",
    number =    "1",
    volume =    "20",
    url =       "http://dblp.uni-trier.de/db/journals/aim/aim20.html#Sloman99",
    pages =     "127--133",
}

@book{kittel,
    author =    "Charles Kittel",
    title =     "Einführung in die Festkörperphysik",
    publisher = "Oldenbourg",
    address =   "München",
    isbn =      "3486272195",
    edition =   "13. Aufl.",
    year =      "2002",
}

@book{raeuber,
    author =    "Armin Räuber",
    editor =    "Emanuel Kaldis",
    title =     "Chemistry and Physics of Lithium Niobate",
    series =    "Current Topics in Materials Science, Volume 1",
    publisher = "North-Holland Publishing Company",
    address =   "Amsterdam",
    isbn =      "0720407087",
    year =      "1978",
}

@misc{estar,
    title =     "ESTAR: Stopping-power and range tables for electrons",
    note =      "National Institute of Standards and Technology",
    howpublished = "\url{http://physics.nist.gov/PhysRefData/Star/Text/ESTAR.html}"
}

@misc{p-sampayan,
    author =    "Stephen E. Sampayan and William J. Orvis and George J. Caporaso and Ted F. Wieskamp",
    title =     "Flat panel ferroelectric electron emission display system",
    howpublished = "United States Patent US~5,508,590",
    year=       "1996",
}